<?xml version="1.0" encoding="UTF-8"?><collection xmlns="http://www.loc.gov/MARC21/slim"><record><leader>00475nam--2200181-i-4500</leader><controlfield tag="001">000007104</controlfield><controlfield tag="002">20161230</controlfield><controlfield tag="005">20161230201027</controlfield><controlfield tag="008">060222s1000------------r-----000-0-eng-d</controlfield><datafield ind1=" " ind2=" " tag="040"><subfield code="a">IFIN-HH</subfield></datafield><datafield ind1="1" ind2=" " tag="100"><subfield code="a">Corben, H.C</subfield></datafield><datafield ind1="1" ind2="0" tag="245"><subfield code="a">Classical mechanics</subfield><subfield code="c">H.C. Corben, Philip Stehle</subfield></datafield><datafield ind1=" " ind2=" " tag="250"><subfield code="a">Second edition</subfield></datafield><datafield ind1=" " ind2=" " tag="260"><subfield code="a">NEW YORK, John Wiley and Sons, Inc. 1964</subfield></datafield><datafield ind1=" " ind2=" " tag="300"><subfield code="a">XI +389 P</subfield></datafield><datafield ind1=" " ind2=" " tag="700"><subfield code="a">Stehle, Philip</subfield></datafield><datafield ind1=" " ind2=" " tag="852"><subfield code="a">21166</subfield><subfield code="c">531</subfield></datafield><datafield ind1=" " ind2=" " tag="CAT"><subfield code="a">Sys</subfield><subfield code="c">20100622</subfield><subfield code="h">144539</subfield></datafield></record></collection>